<collection xmlns="http://www.loc.gov/MARC21/slim"><record><leader>00655nam  2200193   450</leader><controlfield tag="001">789</controlfield><controlfield tag="003">http://montalegre.opacnet.com/OPAC/default.aspx?ContentAreaControl=ShowRegHoldings.ascx&amp;RegNo=16662</controlfield><datafield tag="010" ind1=" " ind2=" "><subfield code="a">972-650-584-4</subfield></datafield><datafield tag="100" ind1=" " ind2=" "><subfield code="a">20030225 2005    m  y0pory010305  ba</subfield></datafield><datafield tag="101" ind1="0" ind2=" "><subfield code="a">por</subfield><subfield code="c">spa</subfield></datafield><datafield tag="102" ind1=" " ind2=" "><subfield code="a">PT</subfield></datafield><datafield tag="200" ind1="1" ind2=" "><subfield code="a">&lt;O &gt;grande livro da sexualidade</subfield><subfield code="f">José R. Díaz Morfa ...[et. al.]</subfield><subfield code="g">tradução de Dr" Anabela Nápoles</subfield></datafield><datafield tag="205" ind1=" " ind2=" "><subfield code="a">1ª ed</subfield></datafield><datafield tag="210" ind1=" " ind2=" "><subfield code="a">Lisboa</subfield><subfield code="c">Didáctica editora</subfield><subfield code="d">2005</subfield></datafield><datafield tag="215" ind1=" " ind2=" "><subfield code="a">99p.;[6]p.</subfield><subfield code="d">31cm</subfield></datafield><datafield tag="675" ind1=" " ind2=" "><subfield code="a">613.88</subfield><subfield code="v">BN</subfield><subfield code="z">por</subfield></datafield><datafield tag="701" ind1=" " ind2="1"><subfield code="a">Díaz Morfa</subfield><subfield code="b">José R</subfield></datafield><datafield tag="801" ind1=" " ind2="0"><subfield code="a">PT</subfield><subfield code="b">Biblioteca Municipal de Montalegre</subfield><subfield code="g">RPC</subfield></datafield><datafield tag="856" ind1=" " ind2=" "><subfield code="u">locateMedia.asp?cod=20060622102450&amp;ext=jpg</subfield><subfield code="z">CAPA</subfield></datafield><datafield tag="909" ind1="&#9;" ind2=" "><subfield code="a">1</subfield></datafield><datafield tag="966" ind1=" " ind2=" "><subfield code="a">0016763</subfield><subfield code="l">BMM</subfield><subfield code="s">SI 613.88 MOR gra</subfield></datafield></record></collection>